@article{stigler1946economics,
  title={The economics of minimum wage legislation},
  author={Stigler, George J},
  journal={The American Economic Review},
  volume={36},
  number={3},
  pages={358--365},
  year={1946},
  publisher={JSTOR}
}
@book{alvaredo2018world,
  title={World inequality report 2018},
  author={Alvaredo, Facundo and Chancel, Lucas and Piketty, Thomas and Saez, Emmanuel and Zucman, Gabriel},
  year={2018},
  publisher={Belknap Press}
}
@article{alesina1994distributive,
  title={Distributive politics and economic growth},
  author={Alesina, Alberto and Rodrik, Dani},
  journal={The quarterly journal of economics},
  volume={109},
  number={2},
  pages={465--490},
  year={1994},
  publisher={MIT Press}
}
@article{morrisson2000income,
  title={The income inequality of France in historical perspective},
  author={Morrisson, Christian and Snyder, Wayne},
  journal={European Review of Economic History},
  volume={4},
  number={1},
  pages={59--83},
  year={2000},
  publisher={Cambridge University Press}
}
@article{martinez1997neoliberalism,
  title={What is neoliberalism? A brief definition for activists},
  author={Martinez, Elizabeth and Garcia, Arnoldo},
  journal={National Network for Immigrant and Refugee Rights},
  volume={1},
  year={1997}
}
@article{navarro2007neoliberalism,
  title={Neoliberalism as a class ideology; or, the political causes of the growth of inequalities},
  author={Navarro, Vicente},
  journal={International Journal of Health Services},
  volume={37},
  number={1},
  pages={47--62},
  year={2007},
  publisher={SAGE Publications Sage CA: Los Angeles, CA}
}
@book{brian2015oecd,
  title={OECD Insights Income Inequality The Gap between Rich and Poor: The Gap between Rich and Poor},
  author={Brian, Keeley},
  year={2015},
  publisher={oecd Publishing}
}
@phdthesis{misiukonyte2013globalizacijos,
  title={Globalizacijos {\k{i}}takos pajam{\k{u}} nelygybei Europos S{\k{a}}jungos {\v{s}}alyse {\k{i}}vertinimas},
  author={Misiukonyt{\.e}, Agn{\.e}},
  year={2013},
  school={Vytautas Magnus University}
}
@book{slemrod1996tax,
  title={Tax progressivity and income inequality},
  author={Slemrod, Joel},
  year={1996},
  publisher={Cambridge University Press}
}
@article{jaumotte2013rising,
  title={Rising income inequality: technology, or trade and financial globalization?},
  author={Jaumotte, Florence and Lall, Subir and Papageorgiou, Chris},
  journal={IMF Economic Review},
  volume={61},
  number={2},
  pages={271--309},
  year={2013},
  publisher={Springer}
}
@article{pena2008global,
  title={Global economic prospects 2008: Technology diffusion in the developing world},
  author={Pe{\~n}a-L{\'o}pez, Ismael and others},
  year={2008},
  publisher={The World Bank}
}
@article{lutz2008coming,
  title={The coming acceleration of global population ageing},
  author={Lutz, Wolfgang and Sanderson, Warren and Scherbov, Sergei},
  journal={Nature},
  volume={451},
  number={7179},
  pages={716},
  year={2008},
  publisher={Nature Publishing Group}
}
@article{litwin2015determining,
  title={Determining the effect of the minimum wage on income inequality},
  author={Litwin, Benjamin S},
  year={2015}
}
@techreport{cengiz2019effect,
  title={The effect of minimum wages on low-wage jobs: Evidence from the United States using a bunching estimator},
  author={Cengiz, Doruk and Dube, Arindrajit and Lindner, Attila and Zipperer, Ben},
  year={2019},
  institution={National Bureau of Economic Research}
}
@article{gilens2005inequality,
  title={Inequality and democratic responsiveness},
  author={Gilens, Martin},
  journal={Public Opinion Quarterly},
  volume={69},
  number={5},
  pages={778--796},
  year={2005},
  publisher={Oxford University Press}
}
@book{aghion1998growth,
  title={Growth, inequality, and globalization: theory, history, and policy},
  author={Aghion, Philippe and Williamson, Jeffrey G},
  year={1998},
  publisher={Cambridge University Press}
}
@book{world2000making,
  title={Making transition work for everyone: poverty and inequality in Europe and Central Asia},
  author={World Bank},
  year={2000},
  publisher={World Bank}
}
@article{zabarauskaite2012gyventojku,
  title={GYVENTOJ{\k{U}} PAJAM{\k{U}} NELYGYB{\.E} EKONOMINI{\k{U}} CIKL{\k{U}} KONTEKSTE.},
  author={Zabarauskait{\.e}, Rasa and Bla{\v{z}}ien{\.e}, Inga},
  journal={Business: Theory \& Practice},
  volume={13},
  number={2},
  year={2012}
}